@FOOTNOTE{Note1,key="Note1",note="An infinitesimal translation at a point $x$ of $\protect \mathcal  {M}$ is defined as an element $1 + X$, where $X \in T_x\protect \mathcal  {M}$, the tangent space at $x$. The physical meaning of such a translation, being a Poincar\'e translation, for example, depends on the Cartan connection defined on spacetime, see below."}
@CONTROL{REVTEX41Control}
@CONTROL{apsrev41Control,author="08",editor="1",pages="0",title="",year="1"}
