% This file was created with JabRef 2.9.2.
% Encoding: ISO8859_1

@BOOK{aldrovandi:2012tele,
  author = {Aldrovandi, R. and Pereira, J. G.},
  title = {Teleparallel Gravity: An Introduction},
  publisher = {Springer},
  year = {2012},
  address = {Dordrecht},
  isbn = {978-94-007-5142-2},
  lccn = {2012945747}
}

@ARTICLE{Alekseevsky:1995cc,
  author = {Alekseevsky, D. V. and Michor, P. W.},
  title = {Differential geometry of {C}artan connections},
  journal = {Publ. Math. Debrecen},
  year = {1995},
  volume = {47},
  pages = {349-375},
  archiveprefix = {arXiv},
  primaryclass = {math.DG},
  eprint = {math/9412232}
}

@ARTICLE{Arcos:2005ec,
  author = {Arcos, H. I. and Pereira, J. G.},
  title = {Torsion gravity: a Reappraisal},
  journal = {Int. J. Mod. Phys. D},
  year = {2004},
  volume = {13},
  pages = {2193-2240},
  archiveprefix = {arXiv},
  eprint = {gr-qc/0501017},
  doi = {10.1142/S0218271804006462},
  owner = {hendrik},
  slaccitation = {%%CITATION = GR-QC/0501017;%%},
  timestamp = {2014.05.02}
}

@ARTICLE{Callan:1969sn,
  author = {Callan, Jr., Curtis G. and Coleman, Sidney and Wess, J. and Zumino,Bruno},
  title = {Structure of phenomenological {L}agrangians.~{II}},
  journal = {Phys. Rev.},
  year = {1969},
  volume = {177},
  pages = {2247-2250},
  doi = {10.1103/PhysRev.177.2247},
  slaccitation = {%%CITATION = PHRVA,177,2247;%%}
}

@ARTICLE{Cartan:1926gh,
  author = {Cartan, E.},
  title = {Les groupes d'holonomie des espaces g{\'e}n{\'e}ralis{\'e}s},
  journal = {Acta Math.},
  year = {1926},
  volume = {48},
  pages = {1-42},
  doi = {10.1007/BF02629755},
  issn = {0001-5962},
  language = {French},
  publisher = {Springer Netherlands}
}

@ARTICLE{Coleman:1969sm,
  author = {Coleman, Sidney R. and Wess, J. and Zumino, Bruno},
  title = {Structure of phenomenological {L}agrangians.~{I}},
  journal = {Phys. Rev.},
  year = {1969},
  volume = {177},
  pages = {2239-2247},
  doi = {10.1103/PhysRev.177.2239},
  slaccitation = {%%CITATION = PHRVA,177,2239;%%}
}

@ARTICLE{Copeland:2006de,
  author = {Copeland, Edmund J. and Sami, M. and Tsujikawa, Shinji},
  title = {Dynamics of dark energy},
  journal = {Int. J. Mod. Phys. D},
  year = {2006},
  volume = {15},
  pages = {1753-1936},
  archiveprefix = {arXiv},
  eprint = {hep-th/0603057},
  doi = {10.1142/S021827180600942X},
  slaccitation = {%%CITATION = HEP-TH/0603057;%%}
}

@ARTICLE{DiCasola:2013nep,
  author = {Di Casola, Eolo and Liberati, Stefano and Sonego, Sebastiano},
  title = {Nonequivalence of equivalence principles},
  year = {2013},
  archiveprefix = {arXiv},
  primaryclass = {gr-qc},
  eprint = {1310.7426},
  slaccitation = {%%CITATION = ARXIV:1310.7426;%%}
}

@ARTICLE{Edelstein:2006a,
  author = {Edelstein, {Jos\'e} D. and Zanelli, Jorge},
  title = {({S}uper-){G}ravities of a different sort},
  journal = {J. Phys.: Conf. Ser.},
  year = {2006},
  volume = {33},
  pages = {83-94},
  archiveprefix = {arXiv},
  eprint = {hep-th/0605186},
  doi = {10.1088/1742-6596/33/1/008},
  slaccitation = {%%CITATION = HEP-TH/0605186;%%}
}

@ARTICLE{gibbons:2009b,
  author = {Gibbons, Gary W. and Gielen, Steffen},
  title = {Deformed General Relativity and Torsion},
  journal = {Class. Quantum Grav.},
  year = {2009},
  volume = {26},
  pages = {135005},
  archiveprefix = {arXiv},
  primaryclass = {gr-qc},
  eprint = {0902.2001},
  doi = {10.1088/0264-9381/26/13/135005},
  reportnumber = {DAMTP-2009-9},
  slaccitation = {%%CITATION = ARXIV:0902.2001;%%}
}

@ARTICLE{Hehl:1976grs,
  author = {Hehl, F. W. and Von Der Heyde, P. and Kerlick, G. D. and Nester,
	J. M.},
  title = {General relativity with spin and torsion: {F}oundations and prospects},
  journal = {Rev. Mod. Phys.},
  year = {1976},
  volume = {48},
  pages = {393-416},
  doi = {10.1103/RevModPhys.48.393},
  slaccitation = {%%CITATION = RMPHA,48,393;%%}
}

@book{Hehl:2013gtg,
      author        = "Hehl, Friedrich W and Blagojevic, Milutin",
		title         = "{Gauge theories of gravitation}",
      publisher     = "Imperial College Press",
      address       = "London",
      year          = "2013",
}

@BOOK{husemoller:1966fibre,
  author = {Husem{\"o}ller, D.},
  title = {Fibre Bundles},
  publisher = {Springer},
  year = {1966},
  address = {New York}
}

@ARTICLE{Klein:1893,
  author = {Klein, Felix},
  title = {A comparative review of recent researches in geometry},
  journal = {Bull. New York Math. Soc.},
  year = {1893},
  volume = {2},
  pages = {215-249},
  note = {\url{http://projecteuclid.org/euclid.bams/1183407629}}
}

@ARTICLE{MacDowell1977,
  author = {MacDowell, S. W. and Mansouri, F.},
  title = {Unified Geometric Theory of Gravity and Supergravity},
  journal = {Phys. Rev. Lett.},
  year = {1977},
  volume = {38},
  pages = {739-742},
  doi = {10.1103/PhysRevLett.38.1376, 10.1103/PhysRevLett.38.739},
  reportnumber = {COO-3075-164},
  slaccitation = {%%CITATION = PRLTA,38,739;%%}
}

@BOOK{Ortin:2004,
  author = {{Ort\'{\i}n}, {Tom\'as}},
  title = {Gravity and Strings},
  publisher = {Cambridge University Press},
  year = {2004},
  address = {Cambridge},
  slaccitation = {%%CITATION = INSPIRE-648696;%%}
}

@ARTICLE{Peebles:2003cc,
  author = {Peebles, P. J. E. and Ratra, Bharat},
  title = {The cosmological constant and dark energy},
  journal = {Rev. Mod. Phys.},
  year = {2003},
  volume = {75},
  pages = {559-606},
  archiveprefix = {arXiv},
  eprint = {astro-ph/0207347},
  doi = {10.1103/RevModPhys.75.559},
  reportnumber = {KSUPT-02-3},
  slaccitation = {%%CITATION = ASTRO-PH/0207347;%%}
}

@BOOK{sharpe1997diff_geo,
  author = {Sharpe, R. W.},
  title = {Differential Geometry: {C}artan's Generalization of Klein's Erlangen
	Program},
  publisher = {Springer},
  year = {1997},
  address = {New York}
}

@ARTICLE{stelle.west:1980ds,
  author = {Stelle, K. S. and West, P. C.},
  title = {Spontaneously broken de~{S}itter symmetry and the gravitational holonomy
	group},
  journal = {Phys. Rev. D},
  year = {1980},
  volume = {21},
  pages = {1466-1488},
  doi = {10.1103/PhysRevD.21.1466},
  issue = {6},
  publisher = {American Physical Society}
}

@ARTICLE{Stelle:1979va,
  author = {Stelle, K. S. and West, P. C.},
  title = {{d}e~{S}itter gauge invariance and the geometry of the {E}instein-{C}artan
	Theory},
  journal = {J. Phys. A},
  year = {1979},
  volume = {12},
  pages = {L205-L210},
  doi = {10.1088/0305-4470/12/8/003},
  slaccitation = {%%CITATION = INSPIRE-146713;%%}
}

@ARTICLE{Tiemblo:2005js,
  author = {Tiemblo, A. and Tresguerres, R.},
  title = {{Gauge theories of gravity: The Nonlinear framework}},
  journal = {Recent Res. Devel. Phys.},
  year = {2004},
  volume = {5},
  pages = {1255},
  archiveprefix = {arXiv},
  primaryclass = {gr-qc},
  eprint = {gr-qc/0510089},
  slaccitation = {%%CITATION = GR-QC/0510089;%%}
}

@ARTICLE{Tresguerres:2008jf,
  author = {Tresguerres, Romualdo},
  title = {{Dynamically broken Anti-de Sitter action for gravity}},
  journal = {Int. J. Geom. Meth. Mod. Phys.},
  year = {2008},
  volume = {5},
  pages = {171-183},
  archiveprefix = {arXiv},
  primaryclass = {gr-qc},
  eprint = {0804.1129},
  doi = {10.1142/S0219887808002692},
  slaccitation = {%%CITATION = ARXIV:0804.1129;%%}
}

@ARTICLE{Volkov:1973vd,
  author = {Volkov, Dmitri V.},
  title = {Phenomenological {L}agrangians},
  journal = {Fiz. Elem. Chastits At. Yadra},
  year = {1973},
  volume = {4},
  pages = {3-41},
  note = {[Sov. J. Part. Nucl.]},
  slaccitation = {%%CITATION = FECAA,4,3;%%}
}

@BOOK{wess:1992ss,
  author = {Julius Wess and Jonathan Bagger},
  title = {Supersymmetry and Supergravity},
  publisher = {Princeton University Press},
  year = {1992},
  address = {Princeton}
}

@ARTICLE{Westman:2012xk,
  author = {Westman, H. F. and Zlosnik, T. G.},
  title = {Gravity, {C}artan geometry, and idealized waywisers},
  year = {2012},
  archiveprefix = {arXiv},
  primaryclass = {gr-qc},
  eprint = {1203.5709},
  slaccitation = {%%CITATION = ARXIV:1203.5709;%%}
}

@ARTICLE{Wise:2011-sym.br,
  author = {Wise, Derek K.},
  title = {The geometric role of symmetry breaking in gravity},
  journal = {J. Phys.: Conf. Ser.},
  year = {2012},
  volume = {360},
  pages = {012017},
  archiveprefix = {arXiv},
  primaryclass = {gr-qc},
  eprint = {1112.2390},
  doi = {10.1088/1742-6596/360/1/012017},
  slaccitation = {%%CITATION = ARXIV:1112.2390;%%}
}

@ARTICLE{Wise:2010sm,
  author = {Wise, Derek K.},
  title = {{M}ac{D}owell-{M}ansouri gravity and {C}artan geometry},
  journal = {Class. Quantum Grav.},
  year = {2010},
  volume = {27},
  pages = {155010},
  archiveprefix = {arXiv},
  eprint = {gr-qc/0611154},
  doi = {10.1088/0264-9381/27/15/155010},
  slaccitation = {%%CITATION = GR-QC/0611154;%%}
}

@ARTICLE{Wise:2009fu,
  author = {Wise, Derek K.},
  title = {Symmetric space {C}artan connections and gravity in three and four
	dimensions},
  journal = {SIGMA},
  year = {2009},
  volume = {5},
  pages = {080},
  archiveprefix = {arXiv},
  primaryclass = {math.DG},
  eprint = {0904.1738},
  doi = {10.3842/SIGMA.2009.080},
  slaccitation = {%%CITATION = ARXIV:0904.1738;%%}
}

@ARTICLE{Zumino1977189,
  author = {Bruno Zumino},
  title = {Non-linear realization of supersymmetry in anti de~{S}itter space},
  journal = {Nucl. Phys.},
  year = {1977},
  volume = {B127},
  pages = {189-201},
  doi = {10.1016/0550-3213(77)90211-5},
  issn = {0550-3213}
}

